@book{Nixon2012,
  author = {Mark S. Nixon and Alberto S. Aguado},
  title = {Feature extraction},
  publisher = {Elsevier Ltd.},
  address = {Oxford},
  year = {2012},
  edition = {3rd ed.},
  ISBN = {01-239-6549-7},
}

