@misc{Satrapa2016,
  author = {Pavel Satrapa},
  title = {Bal√≠k tul pro LaTeX},
  year = {2016},
  URL = {http://www.nti.tul.cz/~satrapa/vyuka/latex-tul/},
}

